<?xml version="1.0" encoding="UTF-8"?><record xmlns="http://www.loc.gov/MARC21/slim" xmlns:cinclude="http://apache.org/cocoon/include/1.0" xmlns:zs="http://www.loc.gov/zing/srw/">
  <leader>00690cz  a2200181n  4500</leader>
  <controlfield tag="001">n  79051165 </controlfield>
  <controlfield tag="003">DLC</controlfield>
  <controlfield tag="005">20090227075721.0</controlfield>
  <controlfield tag="008">790604n| acannaabn          |a aaa      </controlfield>
  <datafield tag="010" ind1=" " ind2=" ">
    <subfield code="a">n  79051165 </subfield>
  </datafield>
  <datafield tag="035" ind1=" " ind2=" ">
    <subfield code="a">(OCoLC)oca00284411</subfield>
  </datafield>
  <datafield tag="040" ind1=" " ind2=" ">
    <subfield code="a">DLC</subfield>
    <subfield code="b">eng</subfield>
    <subfield code="c">DLC</subfield>
    <subfield code="d">DLC</subfield>
    <subfield code="d">OCoLC</subfield>
  </datafield>
  <datafield tag="053" ind1=" " ind2="0">
    <subfield code="a">PG3487.O7</subfield>
  </datafield>
  <datafield tag="100" ind1="1" ind2=" ">
    <subfield code="a">Shoror, Vladimir</subfield>
  </datafield>
  <datafield tag="400" ind1="1" ind2=" ">
    <subfield code="w">nna</subfield>
    <subfield code="a">Shoror, Vladimir I︠A︡kovlevich</subfield>
  </datafield>
  <datafield tag="400" ind1="1" ind2=" ">
    <subfield code="a">Shoror, V. I︠A︡.</subfield>
    <subfield code="q">(Vladimir I︠A︡kovlevich)</subfield>
  </datafield>
  <datafield tag="670" ind1=" " ind2=" ">
    <subfield code="a">His Naĭdetsi︠a︡ dobrai︠a︡ dusha, 1978:</subfield>
    <subfield code="b">t.p. (Vladimir Shoror) colophon (Vladimir I︠A︡kovlevich Shoror)</subfield>
  </datafield>
  <datafield tag="670" ind1=" " ind2=" ">
    <subfield code="a">His Poshlite meni︠a︡ v razvedku, 1983:</subfield>
    <subfield code="b">t.p. (Vladimir Shoror) USSR CIP data (V. I︠A︡. Shoror)</subfield>
  </datafield>
</record>